%% This BibTeX bibliography file was created using BibDesk.
%% http://bibdesk.sourceforge.net/

%% Created for Douglas Mason at 2021-08-10 10:44:55 -0700 


%% Saved with string encoding Unicode (UTF-8) 

@url{KoyoteScience,
Url = {https://github.com/KoyoteScience/BayesianLinearRegressor}
}
@article{MacKay99,
 KEY            ="MacKay",
 AUTHOR         ="D. J. C.  MacKay",
 TITLE          ="Comparison of Approximate Methods for Handling Hyperparameters",
 YEAR           ="1999",
volume={11}, 
number={5},
pages={1035-1068},
journal={Neural Computation},
 abstractURL="http://www.inference.org.uk/mackay/abstracts/alpha.html",
 postscriptURL="http://www.inference.org.uk/mackay/alpha.ps.Z",
 ANNOTE ="Date submitted: 1994/1996/1997; Date accepted: October 1998; Collaborating institutes: none"
}
@book{bishop,
	Address = {Berlin, Heidelberg},
	Author = {Bishop, Christopher M.},
	Date-Added = {2021-08-10 10:36:53 -0700},
	Date-Modified = {2021-08-10 10:40:34 -0700},
	Isbn = {0387310738},
	Publisher = {Springer-Verlag},
	Title = {Pattern Recognition and Machine Learning (Information Science and Statistics)},
	Year = {2006}}

@book{rasmussen,
	Address = {Cambridge, MA, USA},
	Author = {Rasmussen, CE. and Williams, CKI.},
	Date-Added = {2021-08-10 10:36:13 -0700},
	Date-Modified = {2021-08-10 10:44:36 -0700},
	Month = jan,
	Month_Numeric = {1},
	Organization = {Max-Planck-Gesellschaft},
	Pages = {248},
	Publisher = {MIT Press},
	School = {Biologische Kybernetik},
	Series = {Adaptive Computation and Machine Learning},
	Title = {Gaussian Processes for Machine Learning},
	Year = {2006}}

@book{murphy,
	Added-At = {2017-02-27T11:22:42.000+0100},
	Address = {Cambridge, Mass. [u.a.]},
	Author = {Murphy, Kevin P.},
	Biburl = {https://www.bibsonomy.org/bibtex/270148d65a6a66e0ae962bf22c5f66148/hotho},
	Date-Added = {2021-08-10 10:35:49 -0700},
	Date-Modified = {2021-08-10 10:44:53 -0700},
	Description = {Machine Learning: A Probabilistic Perspective (Adaptive Computation and Machine Learning series): Kevin P. Murphy: 9780262018029: Amazon.com: Books},
	Interhash = {e99d8a06cc36507b05c38192ab80573e},
	Intrahash = {70148d65a6a66e0ae962bf22c5f66148},
	Isbn = {9780262018029 0262018020},
	Keywords = {hmm lda learning machine statistics},
	Publisher = {MIT Press},
	Refid = {904442949},
	Timestamp = {2017-02-27T11:22:42.000+0100},
	Title = {Machine learning : a probabilistic perspective},
	Year = 2013,
	Bdsk-Url-1 = {https://www.amazon.com/Machine-Learning-Probabilistic-Perspective-Computation/dp/0262018020/ref=sr_1_2?ie=UTF8&qid=1336857747&sr=8-2}}

@article{randomized_prior_functions,
  title={Randomized Prior Functions for Deep Reinforcement Learning},
  author={Osband, Ian and Aslanides, John and Cassirer, Albin},
  journal={Advances in Neural Information Processing Systems},
  volume={31},
  year={2018}
}

@inproceedings{risk_versus_uncertainty,
  title={Risk versus uncertainty in deep learning: Bayes, bootstrap and the dangers of dropout},
  author={Osband, Ian},
  booktitle={NIPS workshop on bayesian deep learning},
  volume={192},
  year={2016}
}

@inproceedings{bayes_by_backprop,
  title={Weight uncertainty in neural network},
  author={Blundell, Charles and Cornebise, Julien and Kavukcuoglu, Koray and Wierstra, Daan},
  booktitle={International Conference on Machine Learning},
  pages={1613--1622},
  year={2015},
  organization={PMLR}
}

@article{variational_inference_review,
  title={Variational inference: A review for statisticians},
  author={Blei, David M and Kucukelbir, Alp and McAuliffe, Jon D},
  journal={Journal of the American statistical Association},
  volume={112},
  number={518},
  pages={859--877},
  year={2017},
  publisher={Taylor \& Francis}
}

@inproceedings{monte_carlo_dropout,
  title={Dropout as a bayesian approximation: Representing model uncertainty in deep learning},
  author={Gal, Yarin and Ghahramani, Zoubin},
  booktitle={international conference on machine learning},
  pages={1050--1059},
  year={2016},
  organization={PMLR}
}

@article{thompson_sampling,
  title={A Tutorial on Thompson Sampling},
  author={Russo, Daniel J and Van Roy, Benjamin and Kazerouni, Abbas and Osband, Ian and Wen, Zheng},
  journal={Foundations and Trends{\textregistered} in Machine Learning},
  volume={11},
  number={1},
  pages={1--96},
  year={2018},
  publisher={Now Publishers Inc. Hanover, MA, USA}
}

@book{bootstrap_old_book,
  title={The jackknife, the bootstrap and other resampling plans},
  author={Efron, Bradley},
  year={1982},
  publisher={SIAM}
}

@article{bootstrap_facebook,
  title={Thompson sampling with the online bootstrap},
  author={Eckles, Dean and Kaptein, Maurits},
  journal={arXiv preprint arXiv:1410.4009},
  year={2014}
}

@article{model_selection_in_BNN,
  title={Scalable marginal likelihood estimation for model selection in deep learning},
  author={Immer, Alexander and Bauer, Matthias and Fortuin, Vincent and R{\"a}tsch, Gunnar and Khan, Mohammad Emtiyaz},
  journal={arXiv preprint arXiv:2104.04975},
  year={2021}
}

@article{bootstrap_DQN,
  title={Deep exploration via bootstrapped DQN},
  author={Osband, Ian and Blundell, Charles and Pritzel, Alexander and Van Roy, Benjamin},
  journal={Advances in neural information processing systems},
  volume={29},
  pages={4026--4034},
  year={2016}
}

@misc{GP_BLR,
author = {Mason, Douglas},
doi = {10.5281/zenodo.1234},
month = {9},
title = {{Gaussian processes and equivalent Bayesian linear regressions}},
url = {https://github.com/KoyoteScience/GP-BLR},
year = {2021}
}

@inproceedings{glorot,
  title={Understanding the difficulty of training deep feedforward neural networks},
  author={Glorot, Xavier and Bengio, Yoshua},
  booktitle={Proceedings of the thirteenth international conference on artificial intelligence and statistics},
  pages={249--256},
  year={2010},
  organization={JMLR Workshop and Conference Proceedings}
}

@inproceedings{batch_normalization,
  title={Batch normalization: Accelerating deep network training by reducing internal covariate shift},
  author={Ioffe, Sergey and Szegedy, Christian},
  booktitle={International conference on machine learning},
  pages={448--456},
  year={2015},
  organization={PMLR}
}

@misc{github_randomized_priors,
author = {Douglas, Mason},
doi = {10.5281/zenodo.1234},
month = {9},
title = {{Scaling and model choice for randomized prior functions in Bayesian neural networks}},
url = {https://github.com/KoyoteScience/randomized-priors},
year = {2021}
}

@inproceedings{bad_calibration1,
  title={Noise contrastive priors for functional uncertainty},
  author={Hafner, Danijar and Tran, Dustin and Lillicrap, Timothy and Irpan, Alex and Davidson, James},
  booktitle={Uncertainty in Artificial Intelligence},
  pages={905--914},
  year={2020},
  organization={PMLR}
}

@inproceedings{bad_calibration2,
  title={Noise-contrastive estimation: A new estimation principle for unnormalized statistical models},
  author={Gutmann, Michael and Hyv{\"a}rinen, Aapo},
  booktitle={Proceedings of the thirteenth international conference on artificial intelligence and statistics},
  pages={297--304},
  year={2010},
  organization={JMLR Workshop and Conference Proceedings}
}

@article{model_based_rl_survey,
  title={Model-based reinforcement learning: A survey},
  author={Moerland, Thomas M and Broekens, Joost and Jonker, Catholijn M},
  journal={arXiv preprint arXiv:2006.16712},
  year={2020}
}

@book{sutton_barto_rl,
  title={Reinforcement learning: An introduction},
  author={Sutton, Richard S and Barto, Andrew G},
  year={2018},
  publisher={MIT press}
}
@article{off_policy_actor_critic,
  title={Off-policy actor-critic},
  author={Degris, Thomas and White, Martha and Sutton, Richard S},
  journal={arXiv preprint arXiv:1205.4839},
  year={2012}
}
@article{gittins,
  title={Bandit processes and dynamic allocation indices},
  author={Gittins, John C},
  journal={Journal of the Royal Statistical Society: Series B (Methodological)},
  volume={41},
  number={2},
  pages={148--164},
  year={1979},
  publisher={Wiley Online Library}
}

@article{bayesian_reinforcement_learning_survey,
  title={Bayesian reinforcement learning: A survey},
  author={Ghavamzadeh, Mohammad and Mannor, Shie and Pineau, Joelle and Tamar, Aviv},
  journal={arXiv preprint arXiv:1609.04436},
  year={2016}
}

@inproceedings{A3C,
  title={Asynchronous methods for deep reinforcement learning},
  author={Mnih, Volodymyr and Badia, Adria Puigdomenech and Mirza, Mehdi and Graves, Alex and Lillicrap, Timothy and Harley, Tim and Silver, David and Kavukcuoglu, Koray},
  booktitle={International conference on machine learning},
  pages={1928--1937},
  year={2016},
  organization={PMLR}
}

@ARTICLE{AC,
  author={Grondman, Ivo and Busoniu, Lucian and Lopes, Gabriel A. D. and Babuska, Robert},
  journal={IEEE Transactions on Systems, Man, and Cybernetics, Part C (Applications and Reviews)}, 
  title={A Survey of Actor-Critic Reinforcement Learning: Standard and Natural Policy Gradients}, 
  year={2012},
  volume={42},
  number={6},
  pages={1291-1307},
  doi={10.1109/TSMCC.2012.2218595}}

@inproceedings{DDPG,
  title={Deterministic policy gradient algorithms},
  author={Silver, David and Lever, Guy and Heess, Nicolas and Degris, Thomas and Wierstra, Daan and Riedmiller, Martin},
  booktitle={International conference on machine learning},
  pages={387--395},
  year={2014},
  organization={PMLR}
}


@article{double_robust_estimators,
  title={Doubly robust estimation of causal effects},
  author={Funk, Michele Jonsson and Westreich, Daniel and Wiesen, Chris and St{\"u}rmer, Til and Brookhart, M Alan and Davidian, Marie},
  journal={American journal of epidemiology},
  volume={173},
  number={7},
  pages={761--767},
  year={2011},
  publisher={Oxford University Press}
}

@misc{openAI_part3,
  title = {Intro to policy optimization},
  howpublished = {\url{https://spinningup.openai.com/en/latest/spinningup/rl_intro3.html}},
  note = {Accessed: 2021-09-29}
}

@article{online_policy_gradient_review,
  title   = "Policy Gradient Algorithms",
  author  = "Weng, Lilian",
  journal = "lilianweng.github.io/lil-log",
  year    = "2018",
  url     = "https://lilianweng.github.io/lil-log/2018/04/08/policy-gradient-algorithms.html"
}



@misc{david_silver_lecture_4,
  title = {Lecture 4: Model-Free Prediction},
  howpublished = {\url{https://www.davidsilver.uk/wp-content/uploads/2020/03/MC-TD.pdf}},
  note = {Accessed: 2021-11-03}
}

@misc{shared_parameters_action_state,
  title = {Actor Critic Method},
  howpublished = {\url{https://keras.io/examples/rl/actor_critic_cartpole/}},
  note = {Accessed: 2021-10-20}
}

@article{REINFORCE,
  title={Simple statistical gradient-following algorithms for connectionist reinforcement learning},
  author={Williams, Ronald J},
  journal={Machine learning},
  volume={8},
  number={3},
  pages={229--256},
  year={1992},
  publisher={Springer}
}
@article{GAE,
  title={High-dimensional continuous control using generalized advantage estimation},
  author={Schulman, John and Moritz, Philipp and Levine, Sergey and Jordan, Michael and Abbeel, Pieter},
  journal={arXiv preprint arXiv:1506.02438},
  year={2015}
}
@inproceedings{RLSVI,
  title={Generalization and exploration via randomized value functions},
  author={Osband, Ian and Van Roy, Benjamin and Wen, Zheng},
  booktitle={International Conference on Machine Learning},
  pages={2377--2386},
  year={2016},
  organization={PMLR}
}
@article{ppo,
  title={Proximal policy optimization algorithms},
  author={Schulman, John and Wolski, Filip and Dhariwal, Prafulla and Radford, Alec and Klimov, Oleg},
  journal={arXiv preprint arXiv:1707.06347},
  year={2017}
}

@article{go1,
  title={Mastering the game of Go with deep neural networks and tree search},
  author={Silver, David and Huang, Aja and Maddison, Chris J and Guez, Arthur and Sifre, Laurent and Van Den Driessche, George and Schrittwieser, Julian and Antonoglou, Ioannis and Panneershelvam, Veda and Lanctot, Marc and others},
  journal={nature},
  volume={529},
  number={7587},
  pages={484--489},
  year={2016},
  publisher={Nature Publishing Group}
}

@article{go2,
  title={Mastering the game of go without human knowledge},
  author={Silver, David and Schrittwieser, Julian and Simonyan, Karen and Antonoglou, Ioannis and Huang, Aja and Guez, Arthur and Hubert, Thomas and Baker, Lucas and Lai, Matthew and Bolton, Adrian and others},
  journal={nature},
  volume={550},
  number={7676},
  pages={354--359},
  year={2017},
  publisher={Nature Publishing Group}
}
@inproceedings{batch_normalization,
  title={Batch normalization: Accelerating deep network training by reducing internal covariate shift},
  author={Ioffe, Sergey and Szegedy, Christian},
  booktitle={International conference on machine learning},
  pages={448--456},
  year={2015},
  organization={PMLR}
}

@article{ddpg,
  title={Continuous control with deep reinforcement learning},
  author={Lillicrap, Timothy P and Hunt, Jonathan J and Pritzel, Alexander and Heess, Nicolas and Erez, Tom and Tassa, Yuval and Silver, David and Wierstra, Daan},
  journal={arXiv preprint arXiv:1509.02971},
  year={2015}
}
